@book{dsp2006,
 author = {Tanenbaum, Andrew S. and Steen, Maarten van},
 title = {Distributed Systems: Principles and Paradigms (2Nd Edition)},
 year = {2006},
 isbn = {0132392275},
 publisher = {Prentice-Hall, Inc.},
 address = {Upper Saddle River, NJ, USA},
} 

@article{quasar,
 author = {Parallel Universe},
 title = {\href{http://docs.paralleluniverse.co/quasar/}{Quasar documentation}},
} 


@phdthesis{fielding,
author = {Roy Thomas Fielding},
title = {Architectural Styles and
the Design of Network-based Software Architectures},
school = {University of California, Irvine},
year = {2000},
}

@article{capsule,
 author = {Parallel Universe},
 title = {\href{https://github.com/puniverse/capsule}{Capsule}},
} 


@article{odb,
 author = {Orient Technologies, LTD},
 title = {\href{http://www.orientechnologies.com/docs/last/}{OrientDB}},
} 
 Orient Technologies, LTD


